@online{clickhouse_build_instruction,
    author    = "",
    title     = "Инструкция по сборке ClickHouse",
    url       = "https://clickhouse.com/docs/en/development/developer-instruction",
    % keywords  = "clickhouse,build,development,instruction,guide",
    urldate = {2023-05-22},
}

@online{clickhouse_architecture,
    author    = "",
    title     = "Документация ClickHouse",
    url       = "https://clickhouse.com/docs/en/development/architecture",
    % keywords  = "clickhouse,architecture",
    urldate = {2023-05-22},
}

@online{clickhouse_data_types,
    author    = "",
    title     = "Типы данных в ClickHouse",
    url       = "https://clickhouse.com/docs/en/sql-reference/data-types",
    % keywords  = "clickhouse,datatypes",
    urldate = {2023-05-22},
}

@online{clickhouse_reqular_functions,
    author    = "",
    title     = "Обычные функции ClickHouse",
    url       = "https://clickhouse.com/docs/en/sql-reference/functions",
    % keywords  = "clickhouse,functions",
    urldate = {2023-05-22},
}

@online{clickhouse_aggregate_functions,
    author    = "",
    title     = "Аггрегатные функции ClickHouse",
    url       = "https://clickhouse.com/docs/en/sql-reference/aggregate-functions",
    % keywords  = "clickhouse,aggregate-functions,functions",
    urldate = {2023-05-22},
}

@online{clickhouse_hash_functions,
    author    = "",
    title     = "Хэш-функции в ClickHouse",
    url       = "https://clickhouse.com/docs/ru/sql-reference/functions/hash-functions",
    % keywords  = "clickhouse,hash,hash-functions",
    urldate = {2023-05-22},
}

@online{clickhouse_hash_functions,
    author    = "",
    title     = "Хэш-функции в ClickHouse",
    url       = "https://clickhouse.com/docs/ru/sql-reference/functions/hash-functions",
    % keywords  = "clickhouse,hash,hash-functions",
    urldate = {2023-05-22},
}

@online{clickhouse_code_style_guide,
    author    = "",
    title     = "Стиль кода в ClickHouse",
    url       = "https://clickhouse.com/docs/en/development/style",
    % keywords  = "clickhouse,code_style,codestyle",
    urldate = {2023-05-22},
}

@online{clickhouse_testing,
    author    = "",
    title     = "Тестирование ClickHouse",
    url       = "https://clickhouse.com/docs/en/development/tests",
    % keywords  = "clickhouse,code_style,codestyle",
    urldate = {2023-05-22},
}

@online{clickhouse_sql_test_queries,
    author    = "",
    title     = "SQL тестирование ClickHouse",
    url       = "https://clickhouse.com/docs/en/development/adding_test_queries",
    % keywords  = "clickhouse,code_style,codestyle",
    urldate = {2023-05-22},
}

% @online{knuthwebsite,
%     author    = "Donald Knuth",
%     title     = "Knuth: Computers and Typesetting",
%     url       = "http://www-cs-faculty.stanford.edu/~uno/abcde.html",
%     keywords  = "latex,knuth",
%     urldate = {2013-05-16},
% }

% @inbook{knuth-fa,
%    author = "Donald E. Knuth",
%    title = "Fundamental Algorithms",
%    publisher = "Addison-Wesley",
%    year = "1973",
%    chapter = "1.2",
%    keywords  = "knuth,programming"
% }

% @book{knuth-acp,
%    author = "Donald E. Knuth",
%    publisher = "Addison-Wesley",
%    title = "The Art of Computer Programming",
%    series = "Four volumes",
%    year = "1968",
%    note = "Seven volumes planned",
%    keywords  = "knuth,programming"
% }

% @article{ctan,
%     author  = "George D. Greenwade",
%     title   = "The {C}omprehensive {T}ex {A}rchive {N}etwork ({CTAN})",
%     year    = "1993",
%     journal = "TUGBoat",
%     volume  = "14",
%     number  = "3",
%     pages   = "342--351",
%     keywords  = "latex"
% }

@inproceedings{
    the_paper,
    author = {Brian Hentschel, Utku Sirin and Stratos Idreos},
    title = {Entropy-Learned Hashing. Constant Time Hashing with Controllable Uniformity},
    booktitle = "Proceedings of the 2022 International Conference on Management of Data",
    year = "2022"
}

% @article{
%     chirkova18_arxiv,
%     author = {Brian Hentschel, Utku Sirin and Stratos Idreos},
%     title = {Entropy-Learned Hashing. Constant Time Hashing with Controllable Uniformity},
%     booktitle = "Proceedings of the 2022 International Conference on Management of Data",
%     % journal={qwerty},
%     year = "2022"
% }
